%% This BibTeX bibliography file was created using BibDesk.
%% https://bibdesk.sourceforge.io/

%% Created for Kevin Reilly at 2019-04-20 22:48:09 -0600 


%% Saved with string encoding Unicode (UTF-8) 

@misc{github,
	title     = "Github Repository - Final Implementation",
	howpublished       = "https://github.com/reillykw/lending-club-project",
	year      = "2019",
	note      = {Accessed: 2019-04}
}

@article{einstein,
	author =       "Albert Einstein",
	title =        "{Zur Elektrodynamik bewegter K{\"o}rper}. ({German})
	[{On} the electrodynamics of moving bodies]",
	journal =      "Annalen der Physik",
	volume =       "322",
	number =       "10",
	pages =        "891--921",
	year =         "1905",
	DOI =          "http://dx.doi.org/10.1002/andp.19053221004"
}

@book{latexcompanion,
	author    = "Michel Goossens and Frank Mittelbach and Alexander Samarin",
	title     = "The \LaTeX\ Companion",
	year      = "1993",
	publisher = "Addison-Wesley",
	address   = "Reading, Massachusetts"
}

@misc{lendingclub,
	title     = "LendingClub Statistics",
	howpublished       = "https://www.lendingclub.com/info/download-data.action",
	year      = "2019",
	note      = {Accessed: 2019-04}
}

@misc{perceptron,
	title     = "scikit-learn Perceptron",
	howpublished       = "https://scikit-learn.org/stable/modules/generated/sklearn.linear_model.Perceptron.html",
	year      = "2019",
	note      = {Accessed: 2019-04}
}

@misc{rand_forest,
	title     = "scikit-learn Random Forest",
	howpublished       = "https://scikit-learn.org/stable/modules/generated/sklearn.ensemble.RandomForestClassifier.html",
	year      = "2019",
	note      = {Accessed: 2019-04}
}

@misc{svm,
	title     = "scikit-learn SGM",
	howpublished       = "https://scikit-learn.org/stable/modules/generated/sklearn.linear_model.SGDClassifier.html",
	year      = "2019",
	note      = {Accessed: 2019-04}
}

@misc{log_regression,
	title     = "scikit-learn Logistic Regression",
	howpublished       = "https://scikit-learn.org/stable/modules/generated/sklearn.linear_model.LogisticRegression.html",
	year      = "2019",
	note      = {Accessed: 2019-04}
}

@misc{keras,
	title     = "TensorFlow Keras",
	howpublished       = "https://keras.io/models/sequential/",
	year      = "2019",
	note      = {Accessed: 2019-04}
}